<?xml version="1.0" encoding="UTF-8"?><record xmlns="http://www.loc.gov/MARC21/slim" xmlns:cinclude="http://apache.org/cocoon/include/1.0" xmlns:zs="http://www.loc.gov/zing/srw/">
  <leader>00489cz  a2200145n  4500</leader>
  <controlfield tag="001">n  86825425 </controlfield>
  <controlfield tag="003">DLC</controlfield>
  <controlfield tag="005">20000603065620.0</controlfield>
  <controlfield tag="008">860507n| acannaabn          |a aad      </controlfield>
  <datafield tag="010" ind1=" " ind2=" ">
    <subfield code="a">n  86825425 </subfield>
  </datafield>
  <datafield tag="035" ind1=" " ind2=" ">
    <subfield code="a">(OCoLC)oca01576639</subfield>
  </datafield>
  <datafield tag="040" ind1=" " ind2=" ">
    <subfield code="a">DLC</subfield>
    <subfield code="b">eng</subfield>
    <subfield code="c">DLC</subfield>
    <subfield code="d">OCoLC</subfield>
  </datafield>
  <datafield tag="100" ind1="1" ind2=" ">
    <subfield code="a">Dziura-Dziurski, Alojzy,</subfield>
    <subfield code="d">1914-</subfield>
  </datafield>
  <datafield tag="400" ind1="1" ind2=" ">
    <subfield code="a">Dziurski, Alojzy Dziura-,</subfield>
    <subfield code="d">1914-</subfield>
  </datafield>
  <datafield tag="670" ind1=" " ind2=" ">
    <subfield code="a">nuc86-41984: His Freedom fighter, 1983</subfield>
    <subfield code="b">(hdg. on CSt-H rept.: Dziura-Dziurski, Alojzy, 1914- ; usage: Alojzy Dziura-Dziurski)</subfield>
  </datafield>
</record>